 
% !TeX encoding = windows-1251

@article{goverment,
  author = {Правительство РФ},
  title = {Распоряжение Правительства Российской Федерации от 21 июня 2023 г. № 1630-р. 
  Об утверждении Стратегии развития беспилотной авиации РФ на период до 2030 г. 
  и на перспективу до 2035 г. и плана мероприятий по ее реализации.},
  journal = {Собрание законодательства Российской Федерации}, 
  address = {М.},
  publisher = {Юридическая литература},
  year = {2023},
  number = {27},
  date = {3 июля 2023 г.},
  section = {3},
  language = {рус}
}

 @article{ShilovMFTI,
  author = {К. Е. Шилов},
  title = {Разработка системы автоматического управления беспилотным летательным аппаратом мультироторного типа.},
  journal = {Собрание законодательства Российской Федерации}, 
  address = {М.},
  publisher = {Труды МФТИ},
  volume = {6},
  year = {2014},
  number = {4},
  section = {3},
  pages = {139, 152},
  language = {рус}
}

@article{Tkachev,
  author = {С.Б. Ткачев, А.П. Крищенко, А.Н. Канатников},
  title = {Автоматическая генерация сложных пространственных траекторий БПЛА и синтез управлений},
  journal = {Математика и Математическое моделирование}, 
  address = {М.},
  publisher = {МГТУ им. Н.Э. Баумана},
  year = {2015},
  number = {1},
  pages = {1,17},
  language = {рус}
}

@article{Yakovlev,
  author = {К.С. Яковлев, Е.С. Баскин},
  title = {Метод автоматического планирования совокупности траекторий для навигации беспилотных транспортных средств},
  journal = {Управление большими системами}, 
  address = {М.},
  publisher = {Институт системного анализа Федерального исследовательского центра «Информатика и управление» РАН},
  year = {2015},
  number = {58},
  pages = {306, 342},
  language = {рус}
}

@article{Gonoblev,
  author = {Гоноболев Александр Сергеевич, Когочев Антон Юрьевич, Лекарев Алексей Олегович},
  title = {Система обнаружения препятствий для мультикоптера},
  journal = {Ресурсы и технологии}, 
  address = {Петрозаводск},
  publisher = {Петрозаводский государственный университет},
  year = {2014},
  volume = {11},
  number = {2},
  pages = {119, 126},
  language = {рус}
}

@article{minPathA,
  author = {Peter E. Hart, Nils J. Nilsson, Bertram Raphael},
  title = {A formal basis for the heuristic determination of minimum cost paths},
  journal = {IEEE Transactions on Systems Science and Cybernetics}, 
  publisher = {IEEE},
  year = {1968},
  volume = {4},
  number = {2},
  pages = {100,107},
  language = {en}
}

@article{theta,
  author = {Kenny Daniel,Alex Nash,Sven Koenig,Ariel Felner},
  title = {Theta*: Any-Angle Path Planning on Grids},
  journal = {Journal of Artificial Intelligence Research}, 
  publisher = {IEEE},
  year = {2010},
  volume = {39},
  number = {1},
  pages = {533,579},
  language = {en}
}
  
@electronic{R,
  author = {LIKHACHEV M., STENTZ A.},
  title = {R* Search},
  year = {2008},
  url = {http://repository.upenn.edu/cgi/viewcontent.cgi?article=1030&context=grasp_papers},
  date = {29.12.2023},
  language = {en}
}

@electronic{JPS,
  author = {Daniel Harabor, Alban Grastien},
  title = {Online graph pruning for pathfinding on grid maps},
  year = {2011},
  URL = {http://grastien.net/ban/articles/hg-aaai11.pdf}, 
  date = {29.12.2023},
  language = {en}
}

@article{motionPlanning,
  author = {LaValle S.M.},
  title = {Motion Planning},
  journal = {IEEE Robotics & Automation Magazine}, 
  publisher = {IEEE},
  year = {2011},
  volume = {18},
  number = {1},
  pages = {79,89},
  language = {en}
}

@article{treeRRT,
  author = {Lee D., Shim D.H.},
  title = {RRT-Based Path Planning for Fixed-Wing UAVs with Arrival Time and Approach Direction Constraints},
  journal = {IEEE Robotics & Automation Magazine}, 
  publisher = {IEEE},
  year = {2014},
  pages = {317,328},
  language = {en}
}

@article{Bestaoui,
  author = {Bestaoui Y.},
  title = {3D flyable curves for an autonomous aircraft},
  journal = {9th International Conference on Mathematical Problems in Engineering, Aerospace and Sciences}, 
  publisher = {ICNPAA},
  year = {2012},
  volume = {1493},
  pages = {132,139},
  language = {en}
}

@article{Shanmugavel,
  author = {Shanmugavel M., Tsourdos A., White B.A., Zbikowski R.},
  title = {Differential Geometric Path Planning of Multiple UAVs},
  journal = {Journal of Dynamic Systems Measurement and Control}, 
  publisher = {ICNPAA},
  year = {2005},
  volume = {129},
  number = {5},
  pages = {620,632},
  language = {en}
}

@article{Pan,
  author = {Pan J., Zhang Liangjun, Manocha D.},
  title = {Collision-free and smooth trajectory computation in cluttered environments},
  journal = {The International Journal of Robotics Research}, 
  publisher = {ICNPAA},
  year = {2012},
  volume = {31},
  number = {10},
  pages = {1155,1175},
  language = {en}
}

@article{Sujit,
  author = {Sujit P.B., Saripalli S., Sousa J.B.},
  title = {Unmanned Aerial Vehicle Path Following: A Survey and Analysis of Algorithms for Fixed-Wing Unmanned Aerial Vehicles},
  journal = {IEEE Control System Magazine}, 
  publisher = {IEEE},
  year = {2014},
  volume = {34},
  number = {1},
  pages = {42,59},
  language = {en}
}

@article{Shirokov,
  author = {И.Б. Широков, Е.Г. Зинченко},
  title = {СИСТЕМА АВТОМАТИЗИРОВАННОЙ ПОСАДКИ БПЛА НА ДВИЖУЩУЮСЯ ПЛАТФОРМУ НА БАЗЕ АЛГОРИТМОВ ТЕХНИЧЕСКОГО ЗРЕНИЯ},
  journal = {Известия Тульского государственного университета. Технические науки}, 
  address = {Тула},
  year = {2022},
  number = {9},
  url = {https://cyberleninka.ru/article/n/sistema-avtomatizirovannoy-posadki-bpla-na-dvizhuschuyusya-platformu-na-baze-algoritmov-tehnicheskogo-zreniya},
  pages = {293,297},
  date = {5.01.2024},
  language = {рус}
}

 @article{Mystafaev,
  author = {Мустаев А.Ф.},
  title = {ИСПОЛЬЗОВАНИЕ ТЕХНОЛОГИИ "МАШИННОГО ЗРЕНИЯ" ДЛЯ УПРАВЛЕНИЯ БПЛА},
  journal = {Вестник науки}, 
  year = {2019},
  number = {12},
  volume = {21},
  url = {https://cyberleninka.ru/article/n/ispolzovanie-tehnologii-mashinnogo-zreniya-dlya-upravleniya-bpla},
  pages = {195,198},
  date = {5.01.2024},
  language = {рус}
}

 @article{Gerasuto,
  author = {Герасюто С. Л., Прокопович Г. А., Сычёв В. А.},
  title = {Построение навигационной карты внутри помещений по величине магнитного поля земли MEMS сенсором мобильного робота},
  journal = {Робототехника и техническая кибернетика}, 
  publisher = {Политезника-сервис},
  year = {2019},
  number = {3},
  url = {https://cyberleninka.ru/article/n/ispolzovanie-tehnologii-mashinnogo-zreniya-dlya-upravleniya-bpla},
  pages = {53,56},
  date = {5.01.2024},
  language = {рус}
}

@BOOK{uvDev,
author = {Шаошань Лю, Лиюнь Ли, Цзе Тан, Шуаш Ву, Жан-Люк Годье},
title = {Разработка беспилотных транспортных средств},
editor = {В. С. Яценков},
translator = {П. М. Бомбакова},
address = {М.},
publisher = {ДМК Пресс},
year = {2022},
language = {рус}
}

@BOOK{kbpa,
author = {В.М. Терентьев},
title = {Развитие теоретических основ и новые методологические подходы для разработки системы траекторного управления пермпективными беспилотными летательными аппаратами.},
address = {М.},
publisher = {Инновационное машиностроение},
year = {2022},
language = {рус},
}

@BOOK{uavAvia,
  author = {В.С. Фетисов, Л.М. Неугодникова, В.В. Адамовский, Р.А. Красноперов},
  title = {Беспилотная авиация: терминология, классификация, современное состояние.},
  address = {Уфа}, 
  publisher = {ФОТОН},
  year = {2014},
  language = {рус}
}

@electronic{filter,
 author = {Dr. Phil Goddard},
 title = {Goddard Consulting. Modeling. Simulation. Data Analysis. Visualization.},
 url = {http://www.goddardconsulting.ca/control-system-design.html},
 urldate = {14.01.2022},
 originalyear = {18.02.2003},
 language = {en}
}


